@ARTICLE{2019ApJS..241....3P,
       author = {{Penny}, Matthew T. and {Gaudi}, B. Scott and {Kerins}, Eamonn and {Rattenbury}, Nicholas J. and {Mao}, Shude and {Robin}, Annie C. and {Calchi Novati}, Sebastiano},
        title = "{Predictions of the WFIRST Microlensing Survey. I. Bound Planet Detection Rates}",
      journal = {\apjs},
     keywords = {gravitational lensing: micro, planets and satellites: detection, space vehicles: instruments, Astrophysics - Earth and Planetary Astrophysics},
         year = 2019,
        month = mar,
       volume = {241},
       number = {1},
          eid = {3},
        pages = {3},
          doi = {10.3847/1538-4365/aafb69},
archivePrefix = {arXiv},
       eprint = {1808.02490},
 primaryClass = {astro-ph.EP},
       adsurl = {https://ui.adsabs.harvard.edu/abs/2019ApJS..241....3P},
      adsnote = {Provided by the SAO/NASA Astrophysics Data System}
}
